<?xml version="1.0" encoding="UTF-8"?><collection xmlns="http://www.loc.gov/MARC21/slim"><record><leader>00628nam--2200193-u-4500</leader><controlfield tag="001">000055767</controlfield><controlfield tag="002">20161230</controlfield><controlfield tag="005">20161230201052</controlfield><controlfield tag="008">130416s1000------------r-----000-0-ger-d</controlfield><datafield ind1=" " ind2=" " tag="040"><subfield code="a">IFIN-HH</subfield></datafield><datafield ind1=" " ind2=" " tag="041"><subfield code="a">ger</subfield></datafield><datafield ind1=" " ind2=" " tag="080"><subfield code="a">802.0:62</subfield></datafield><datafield ind1="1" ind2=" " tag="100"><subfield code="a">Volk, Carl</subfield></datafield><datafield ind1="1" ind2="0" tag="245"><subfield code="a">Englisch fur techniker. ein lese und ubungsbuch fur inginieure und zum gebrauch an technischen lehrantalen</subfield><subfield code="b">I teil maschinenteile, kraftmaschinen, kessel und pumpen</subfield><subfield code="c">Carl volk</subfield></datafield><datafield ind1=" " ind2=" " tag="260"><subfield code="a">Berlin</subfield><subfield code="b">G.J. Goschen'Sche Verlagshandlung G.M.B.H</subfield><subfield code="c">1914</subfield></datafield><datafield ind1=" " ind2=" " tag="300"><subfield code="a">121P</subfield></datafield><datafield ind1=" " ind2=" " tag="490"><subfield code="a">Sammlung Goschen</subfield></datafield><datafield ind1=" " ind2=" " tag="852"><subfield code="a">44611</subfield><subfield code="c">H.H</subfield></datafield><datafield ind1=" " ind2=" " tag="CAT"><subfield code="a">Sys</subfield><subfield code="c">20130416</subfield><subfield code="h">105629</subfield></datafield></record></collection>